@misc{Siboehm2022,
    author = {Siboehm},
    title = {CUDA Matrix-Matrix Multiplication (MMM)},
    year = {2022},
    url = {https://siboehm.com/articles/22/CUDA-MMM},
    note = {Accessed: 2025-01-17}
}

@misc{Copilot2024,
  author       = {GitHub Copilot},
  title        = {Aided in {C++}, {Python} and {Latex} syntax coding},
  year         = {2024},
  note         = {Assistance with code syntax generation},
  howpublished = {\url{https://github.com/features/copilot}}
}
