@dataset{CHAOSdata2019,
  author       = {Ali Emre Kavur and M. Alper Selver and Oğuz Dicle and Mustafa Barış and  N. Sinem Gezer},
  title        = {{CHAOS - Combined (CT-MR) Healthy Abdominal Organ Segmentation Challenge Data}},
  month        = Apr,
  year         = 2019,
  publisher    = {Zenodo},
  version      = {v1.03},
  doi          = {10.5281/zenodo.3362844},
  url          = {https://doi.org/10.5281/zenodo.3362844}
}

@inproceedings{Prochazka2011,
  author    = {Procházka, Jan},
  title     = {Integration of an Adaptive Filtering Algorithm into a Low-Cost Smart Sensor},
  booktitle = {Proceedings of the IASTED International Conference on Intelligent Systems and Control},
  year      = {2011},
  address   = {Cambridge, UK},
  url       = {https://uprt.vscht.cz/prochazka/ps/11IASTEDcambridge.pdf}
}
